@book{Silver2017,
address = {Boca Raton, FL, USA},
author = {Silver, Edward A and Pyke, David F and Thomas, Douglas A.},
edition = {4ed},
mendeley-groups = {UAS-FNE/001_Consideracion},
publisher = {CRC Press},
title = {{Inventory and Production Management in Supply Chains}},
year = {2017}
}
